<mx:record xmlns="http://www.w3.org/TR/xhtml1/strict" xmlns:mx="http://www.loc.gov/MARC21/slim" xmlns:xsi="http://www.w3.org/2001/XMLSchema-instance"><mx:leader>00000cz   2200000n  4500</mx:leader><mx:controlfield tag="001">oca06049751 </mx:controlfield><mx:controlfield tag="003">OCoLC</mx:controlfield><mx:controlfield tag="005">20060913144842.0</mx:controlfield><mx:controlfield tag="008">030515n| acannaab           |a aaa     c</mx:controlfield><mx:datafield ind1=" " ind2=" " tag="010"><mx:subfield code="a">no2003048237</mx:subfield></mx:datafield><mx:datafield ind1=" " ind2=" " tag="040"><mx:subfield code="a">NjP</mx:subfield><mx:subfield code="b">eng</mx:subfield><mx:subfield code="c">NjP</mx:subfield><mx:subfield code="d">DLC</mx:subfield></mx:datafield><mx:datafield ind1="0" ind2=" " tag="100"><mx:subfield code="a">Lasus,</mx:subfield><mx:subfield code="d">b. 548 B.C.</mx:subfield></mx:datafield><mx:datafield ind1="0" ind2=" " tag="400"><mx:subfield code="a">Lasos,</mx:subfield><mx:subfield code="d">b. 548 B.C.</mx:subfield></mx:datafield><mx:datafield ind1="0" ind2=" " tag="400"><mx:subfield code="a">Laso,</mx:subfield><mx:subfield code="c">di Ermione,</mx:subfield><mx:subfield code="d">b. 548 B.C.</mx:subfield></mx:datafield><mx:datafield ind1="0" ind2=" " tag="400"><mx:subfield code="a">Lasos,</mx:subfield><mx:subfield code="c">Hermioneus,</mx:subfield><mx:subfield code="d">b. 548 B.C.</mx:subfield></mx:datafield><mx:datafield ind1=" " ind2=" " tag="670"><mx:subfield code="a">Testimonianze e frammenti, c2000:</mx:subfield><mx:subfield code="b">t.p. (Laso di Ermione) p. 11, etc. (b. 548 B.C., Hermione, Argolis; Lasos Hermioneus)</mx:subfield></mx:datafield><mx:datafield ind1=" " ind2=" " tag="670"><mx:subfield code="a">Harper's dict. of class. lit. &amp; antiq.</mx:subfield><mx:subfield code="b">(Lasus [Lasos, in Greek] lyric poet and teacher of Pindar; lived in Athens under patronage of Hipparchus)</mx:subfield></mx:datafield><mx:datafield ind1=" " ind2=" " tag="675"><mx:subfield code="a">Oxford dict. of class. lit</mx:subfield></mx:datafield><mx:datafield ind1=" " ind2=" " tag="999"><mx:subfield code="a">14.1421</mx:subfield></mx:datafield></mx:record>